@Article{maunder2011,
  title={Review and evaluation of likelihood functions for composition data in stock-assessment models: Estimating the effective sample size},
  author={Maunder, Mark N},
  journal={Fisheries Research},
  volume={109},
  number={2},
  pages={311--319},
  year={2011},
  publisher={Elsevier}
}

@Article{hulson2012,
  title={Determining effective sample size in integrated age-structured assessment models},
  author={Hulson, Peter-John F and Hanselman, Dana H and Quinn, Terrance J},
  journal={ICES Journal of Marine Science: Journal du Conseil},
  volume={69},
  number={2},
  pages={281--292},
  year={2012},
  publisher={Oxford University Press}
}

@Article{pennington2002,
  title={Assessing the precision of frequency distributions estimated from trawl-survey samples},
  author={Pennington, M and Burmeister, L-M and Hjellvik, V and others},
  journal={Fishery Bulletin},
  volume={100},
  number={1},
  year={2002}
}

@Article{	  methot2011,
  author	= {Methot, Richard D. and Taylor, Ian G.},
  title		= {Adjusting for bias due to variability of estimated
		  recruitments in fishery assessment models},
  journal	= {Can. J. Fish. Aquat. Sci.},
  volume	= {68},
  number	= {10},
  pages		= {1744-1760},
  year		= {2011}
}

@Article{	  johnson2014,
  author	= {Kelli F. Johnson and Cole C. Monnahan and Carey R.
		  McGilliard and Katyana A. Vert-pre and Sean C. Anderson and
		  Curry J. Cunningham and Felipe Hurtado-Ferro and Roberto
		  Licandeo and Melissa L. Muradian and Kotaro Ono and Cody S.
		  Szuwalski and Juan L. Valero and Athol R. Whitten and Andre
		  E. Punt },
  journal	= {ICES J Mar Sci},
  title		= {Time-varying natural mortality in fisheries stock
		  assessment models: identifying a default approach},
  year		= {2014},
  volume  = {In press. DOI: 10.1093/icesjms/fsu055}
}

@Article{	  ono2014,
  author	= {Kotaro Ono and Roberto Licandeo and Melissa L. Muradian and
		  Curry J. Cunningham and Sean C. Anderson and Felipe
		  Hurtado-Ferro and Kelli F. Johnson and Carey R. McGilliard
		  and Cole C. Monnahan and Cody S. Szuwalski and Juan L.
		  Valero and Katyana A. Vert-pre and Athol R. Whitten and
		  Andre E. Punt},
  journal	= {ICES J Mar Sci},
  volume = {In press. DOI: 10.1093/icesjms/fsu007},
  title		= {The importance of length and age composition data in
		  statistical catch-at-age models for marine species},
  year		= {2014}
}

@TechReport{	  hill2012,
  address	= {7700 NE Ambassador Place, Portland, OR 97220, USA},
  author	= {Hill, K. T. and Crone, P. R. and Lo, N. C. H. and Demer,
		  D. A. and Zwolinski, J. P. and Macewicz, B. J.},
  institution	= {Pacific Fishery Management Council},
  title		= {Assessment of the {Pacific} sardine resource in 2012 for
		  {U.S.} management in 2013},
  year		= {2012}
}

@Article{   anderson2014a,
  author  = {Anderson, , Sean C and Monnahan, , Cole C and Johnson, , Kelli F and Ono, , Kotaro and Valero, , Juan L},
  doi   = {10.1371/journal.pone.0092725},
  journal = {PLOS ONE},
  number  = {4},
  pages   = {e92725},
  title   = {ss3sim: An {R} package for fisheries stock assessment simulation with {Stock Synthesis}},
  volume  = {9},
  year    = {2014},
  month   = {4}
}
